<record><leader>00000cas a2200000 i 4500</leader><controlfield tag="001">934730295</controlfield><controlfield tag="008">160114d18821892nbuwr ne      0    0eng c</controlfield><datafield ind1=" " ind2=" " tag="010"><subfield code="a">sn2016270200</subfield></datafield><datafield ind1=" " ind2=" " tag="040"><subfield code="a">LDL</subfield><subfield code="b">eng</subfield><subfield code="e">rda</subfield><subfield code="c">LDL</subfield><subfield code="d">OCLCF</subfield></datafield><datafield ind1="0" ind2="0" tag="245"><subfield code="a">Plattsmouth weekly herald.</subfield></datafield><datafield ind1=" " ind2="1" tag="264"><subfield code="a">Plattsmouth, Nebraska :</subfield><subfield code="b">Plattsmouth Herald Pub. Co.</subfield></datafield><datafield ind1=" " ind2=" " tag="300"><subfield code="a">volumes</subfield></datafield><datafield ind1=" " ind2=" " tag="310"><subfield code="a">Weekly</subfield></datafield><datafield ind1=" " ind2=" " tag="336"><subfield code="a">text</subfield><subfield code="b">txt</subfield><subfield code="2">rdacontent</subfield></datafield><datafield ind1=" " ind2=" " tag="337"><subfield code="a">unmediated</subfield><subfield code="b">n</subfield><subfield code="2">rdamedia</subfield></datafield><datafield ind1=" " ind2=" " tag="338"><subfield code="a">volume</subfield><subfield code="b">nc</subfield><subfield code="2">rdacarrier</subfield></datafield><datafield ind1="1" ind2=" " tag="362"><subfield code="a">Began in 1882; ceased in 1892.</subfield></datafield><datafield ind1=" " ind2=" " tag="580"><subfield code="a">Merger of: Nebraska herald, and: Plattsmouth enterprise.</subfield></datafield><datafield ind1=" " ind2=" " tag="580"><subfield code="a">Other edition: Plattsmouth daily herald.</subfield></datafield><datafield ind1=" " ind2=" " tag="588"><subfield code="a">Description based on: November 9, 1882; title from masthead.</subfield></datafield><datafield ind1=" " ind2=" " tag="588"><subfield code="a">Latest issue consulted: Vol. 29, no. 19 (August 4, 1892)</subfield></datafield><datafield ind1=" " ind2="0" tag="651"><subfield code="a">Plattsmouth (Neb.)</subfield><subfield code="v">Newspapers.</subfield></datafield><datafield ind1=" " ind2="7" tag="655"><subfield code="a">Newspapers.</subfield><subfield code="2">fast</subfield><subfield code="0">(OCoLC)fst01423814</subfield></datafield><datafield ind1=" " ind2="7" tag="651"><subfield code="a">Nebraska</subfield><subfield code="z">Plattsmouth.</subfield><subfield code="2">fast</subfield><subfield code="0">(OCoLC)fst01222697</subfield></datafield><datafield ind1=" " ind2=" " tag="752"><subfield code="a">United States</subfield><subfield code="b">Nebraska</subfield><subfield code="c">Cass</subfield><subfield code="d">Plattsmouth.</subfield></datafield><datafield ind1="1" ind2=" " tag="775"><subfield code="t">Plattsmouth daily herald</subfield><subfield code="w">(DLC)sn2016270201</subfield></datafield><datafield ind1="1" ind2="4" tag="780"><subfield code="t">Nebraska herald</subfield><subfield code="w">(DLC)sn8400022825</subfield></datafield><datafield ind1="1" ind2="4" tag="780"><subfield code="t">Plattsmouth enterprise</subfield></datafield><datafield ind1="0" ind2="0" tag="785"><subfield code="t">Plattsmouth herald</subfield><subfield code="w">(DLC)sn2016270202</subfield></datafield></record>